@article{schmidt13,
title = "A simple test on 2-vertex- and 2-edge-connectivity",
journal = "Information Processing Letters",
volume = "113",
number = "7",
pages = "241 - 244",
year = "2013",
issn = "0020-0190",
doi = "https://doi.org/10.1016/j.ipl.2013.01.016",
url = "http://www.sciencedirect.com/science/article/pii/S0020019013000288",
author = "Jens M. Schmidt",
keywords = "Graph algorithms, 2-connectivity, 2-edge-connectivity"
}
